@INPROCEEDINGS{fdl2017,
  author    ={Mokhov, Andrey and de Gennaro, Alessandro and Tarawneh, Ghaith and Wray, Jonny and Lukyanov, Georgy and Mileiko, Sergey and Scott, Joe and Yakovlev, Alex and Brown, Andrew},
  booktitle ={{Forum on specification & Design Languages (FDL)}},
  title     ={{Language and Hardware Acceleration Backend for Graph Processing}},
  year      ={2017},
  volume    ={},
  number    ={},
  ISSN      ={},
}

@INPROCEEDINGS{parco2017,
  author    ={Andrew Brown and David Thomas and Jeff Reeve and Ghaith Tarawneh and Alessandro de Gennaro and Andrey Mokhov and Matthew Naylor and Tom Kazmierski},
  booktitle ={{ParCo Conference}},
  title     ={{Distributed Event-based Computing}},
  year      ={2017},
  volume    ={},
  number    ={},
  ISSN      ={},
}

@book{lynch1996distributed,
  title={Distributed algorithms},
  author={Lynch, Nancy A},
  year={1996},
  publisher={Elsevier}
}